<?xml version="1.0" encoding="UTF-8"?><collection xmlns="http://www.loc.gov/MARC21/slim"><record><leader>00420nam--2200145-i-4500</leader><controlfield tag="001">000024455</controlfield><controlfield tag="002">20161230</controlfield><controlfield tag="005">20161230201035</controlfield><controlfield tag="008">060222s1000------------r-----000-0-eng-d</controlfield><datafield ind1=" " ind2=" " tag="080"><subfield code="a">535-31</subfield></datafield><datafield ind1=" " ind2=" " tag="245"><subfield code="a">The middle ultraviolet: it is science and technology</subfield></datafield><datafield ind1=" " ind2=" " tag="260"><subfield code="a">New York, John And Wiley And Sons, Inc., 1966. Xii+390p</subfield></datafield><datafield ind1=" " ind2=" " tag="490"><subfield code="a">Wiley Series In Pure And Applied Optics</subfield></datafield><datafield ind1=" " ind2=" " tag="700"><subfield code="a">Green, A.E.S</subfield></datafield><datafield ind1=" " ind2=" " tag="852"><subfield code="a">77333</subfield></datafield></record></collection>